@article{mcclelland1985motives,
  title={How motives, skills, and values determine what people do.},
  author={McClelland, David C},
  journal={American Psychologist},
  volume={40},
  number={7},
  pages={812},
  year={1985},
  publisher={American Psychological Association}
}

@article{rawolle2013relationships,
  title={Relationships between implicit motives, self-attributed motives, and personal goal commitments},
  author={Rawolle, Maika and Schultheiss, Maria and Schultheiss, Oliver C},
  journal={Frontiers in psychology},
  volume={4},
  year={2013},
  publisher={Frontiers Media SA}
}

@article{todorov2002optimal,
  title={Optimal feedback control as a theory of motor coordination},
  author={Todorov, Emanuel and Jordan, Michael I},
  journal={Nature neuroscience},
  volume={5},
  number={11},
  pages={1226--1235},
  year={2002},
  publisher={Nature Publishing Group}
}

@article{flash1985coordination,
  title={The coordination of arm movements: an experimentally confirmed mathematical model},
  author={Flash, Tamar and Hogan, Neville},
  journal={The journal of Neuroscience},
  volume={5},
  number={7},
  pages={1688--1703},
  year={1985},
  publisher={Soc Neuroscience}
}

@inproceedings{ziebart2010modeling,
  title={Modeling Interaction via the Principle of Maximum Causal Entropy},
  author={Ziebart, Brian D and Bagnell, JA and Dey, Anind K},
  booktitle={Proceedings of the 27th International Conference on Machine Learning (ICML-10)},
  pages={1255--1262},
  year={2010}
}

@inproceedings{strausser2011development,
  title={The development and testing of a human machine interface for a mobile medical exoskeleton},
  author={Strausser, Katherine A and Kazerooni, H},
  booktitle={Intelligent Robots and Systems (IROS), 2011 IEEE/RSJ International Conference on},
  pages={4911--4916},
  year={2011},
  organization={IEEE}
}

@article{young2012improving,
  title={Improving myoelectric pattern recognition robustness to electrode shift by changing interelectrode distance and electrode configuration},
  author={Young, Aaron J and Hargrove, Levi J and Kuiken, Todd A},
  journal={Biomedical Engineering, IEEE Transactions on},
  volume={59},
  number={3},
  pages={645--652},
  year={2012},
  publisher={IEEE}
}

@article{englehart2003robust,
  title={A robust, real-time control scheme for multifunction myoelectric control},
  author={Englehart, Kevin and Hudgins, Bernard},
  journal={Biomedical Engineering, IEEE Transactions on},
  volume={50},
  number={7},
  pages={848--854},
  year={2003},
  publisher={IEEE}
}

@article{hargrove2013robotic,
  title={Robotic leg control with EMG decoding in an amputee with nerve transfers},
  author={Hargrove, Levi J and Simon, Ann M and Young, Aaron J and Lipschutz, Robert D and Finucane, Suzanne B and Smith, Douglas G and Kuiken, Todd A},
  journal={New England Journal of Medicine},
  volume={369},
  number={13},
  pages={1237--1242},
  year={2013},
  publisher={Mass Medical Soc}
}

@article{gomi1997human,
  title={Human arm stiffness and equilibrium-point trajectory during multi-joint movement},
  author={Gomi, Hiroaki and Kawato, Mitsuo},
  journal={Biological cybernetics},
  volume={76},
  number={3},
  pages={163--171},
  year={1997},
  publisher={Springer}
}

@article{feldman1995origin,
  title={The origin and use of positional frames of reference in motor control},
  author={Feldman, Anatol G and Levin, Mindy F},
  journal={Behavioral and Brain Sciences},
  volume={18},
  number={04},
  pages={723--744},
  year={1995},
  publisher={Cambridge University Press}
}

@article{von1979observations,
  title={Observations on the development of reaching for moving objects},
  author={von Hofsten, Claes and Lindhagen, Karin},
  journal={Journal of experimental child psychology},
  volume={28},
  number={1},
  pages={158--173},
  year={1979},
  publisher={Academic Press}
}

@article{rohrer2004submovements,
  title={Submovements grow larger, fewer, and more blended during stroke recovery.},
  author={Rohrer, Brandon and Fasoli, Susan and Krebs, Hermano Igo and Volpe, Bruce and Frontera, Walter R and Stein, Joel and Hogan, Neville},
  journal={Motor control},
  volume={8},
  number={4},
  year={2004}
}

@article{woodworth1899accuracy,
  title={Accuracy of voluntary movement.},
  author={Woodworth, Robert Sessions},
  journal={The Psychological Review: Monograph Supplements},
  volume={3},
  number={3},
  pages={i},
  year={1899},
  publisher={The Macmillan Company}
}

@article{flash1991arm,
  title={Arm trajectory modifications during reaching towards visual targets},
  author={Flash, Tamar and Henis, Ealan},
  journal={Journal of cognitive Neuroscience},
  volume={3},
  number={3},
  pages={220--230},
  year={1991}
}

@article{novak2002use,
  title={The use of overlapping submovements in the control of rapid hand movements},
  author={Novak, KE and Miller, LE and Houk, JC},
  journal={Experimental Brain Research},
  volume={144},
  number={3},
  pages={351--364},
  year={2002},
  publisher={Springer-Verlag}
}

@article{shadmehr1994adaptive,
  title={Adaptive representation of dynamics during learning of a motor task},
  author={Shadmehr, Reza and Mussa-Ivaldi, Ferdinando A},
  journal={The Journal of Neuroscience},
  volume={14},
  number={5},
  pages={3208--3224},
  year={1994},
  publisher={Soc Neuroscience}
}

@article{saltelli2010variance,
  title={Variance based sensitivity analysis of model output. Design and estimator for the total sensitivity index},
  author={Saltelli, Andrea and Annoni, Paola and Azzini, Ivano and Campolongo, Francesca and Ratto, Marco and Tarantola, Stefano},
  journal={Computer Physics Communications},
  volume={181},
  number={2},
  pages={259--270},
  year={2010},
  publisher={North-Holland}
}

@article{burdet2006stability,
  title={Stability and motor adaptation in human arm movements},
  author={Burdet, Etienne and Tee, Keng Peng and Mareels, I and Milner, Theodore E and Chew, Chee-Meng and Franklin, David W and Osu, Rieko and Kawato, Mitsuo},
  journal={Biological cybernetics},
  volume={94},
  number={1},
  pages={20--32},
  year={2006},
  publisher={Springer-Verlag}
}

@techreport{dempster1955space,
  title={Space Requirements of the Seated Operator: Geometrical, Kinematic, and Mechanical Aspects of the Body with Special Reference to the Limbs},
  author={Dempster, W.T. and Wright Air Development Center},
  year={1955},
  publisher={Office of Technical Services, U.S. Department of Commerce},
  institution={Wright Patterson Air Force Base}
}

@book{winter2009biomechanics,
  title={Biomechanics and Motor Control of Human Movement},
  author={Winter, D.A.},
  isbn={9780470398180},
  lccn={2009019182},
  year={2009},
  publisher={Wiley}
}

@article{patton2004robot,
  title={Robot-assisted adaptive training: custom force fields for teaching movement patterns},
  author={Patton, James L and Mussa-Ivaldi, Ferdinando A},
  journal={Biomedical Engineering, IEEE Transactions on},
  volume={51},
  number={4},
  pages={636--646},
  year={2004},
  publisher={IEEE}
}

@article{bizzi1984posture,
  title={Posture control and trajectory formation during arm movement},
  author={Bizzi, Emilio and Accornero, Neri and Chapple, William and Hogan, Neville},
  journal={The Journal of Neuroscience},
  volume={4},
  number={11},
  pages={2738--2744},
  year={1984},
  publisher={Soc Neuroscience}
}

@article{pruszynski2012optimal,
  title={Optimal feedback control and the long-latency stretch response},
  author={Pruszynski, J Andrew and Scott, Stephen H},
  journal={Experimental brain research},
  volume={218},
  number={3},
  pages={341--359},
  year={2012},
  publisher={Springer}
}

@article{gawthrop2011intermittent,
  title={Intermittent control: a computational theory of human control},
  author={Gawthrop, Peter and Loram, Ian and Lakie, Martin and Gollee, Henrik},
  journal={Biological cybernetics},
  volume={104},
  number={1-2},
  pages={31--51},
  year={2011},
  publisher={Springer}
}

@article{patton2006evaluation,
  title={Evaluation of robotic training forces that either enhance or reduce error in chronic hemiparetic stroke survivors},
  author={Patton, James L and Stoykov, Mary Ellen and Kovic, Mark and Mussa-Ivaldi, Ferdinando A},
  journal={Experimental Brain Research},
  volume={168},
  number={3},
  pages={368--383},
  year={2006},
  publisher={Springer}
}

@article{guadagnoli2004challenge,
  title={Challenge point: a framework for conceptualizing the effects of various practice conditions in motor learning},
  author={Guadagnoli, Mark A and Lee, Timothy D},
  journal={Journal of motor behavior},
  volume={36},
  number={2},
  pages={212--224},
  year={2004},
  publisher={Taylor \& Francis}
}

@article{liu2007evidence,
  title={Evidence for the flexible sensorimotor strategies predicted by optimal feedback control},
  author={Liu, Dan and Todorov, Emanuel},
  journal={The Journal of Neuroscience},
  volume={27},
  number={35},
  pages={9354--9368},
  year={2007},
  publisher={Soc Neuroscience}
}

@book{MATLAB:2008,
year = {2008},
author = {MATLAB},
title = {version 7.6.0.324 (R2008a)},
publisher = {The MathWorks Inc.},
address = {Natick, Massachusetts}
} 

@article{franklin2007endpoint,
  title={Endpoint stiffness of the arm is directionally tuned to instability in the environment},
  author={Franklin, David W and Liaw, Gary and Milner, Theodore E and Osu, Rieko and Burdet, Etienne and Kawato, Mitsuo},
  journal={The Journal of Neuroscience},
  volume={27},
  number={29},
  pages={7705--7716},
  year={2007},
  publisher={Soc Neuroscience}
}

@article{franklin2003adaptation,
  title={Adaptation to stable and unstable dynamics achieved by combined impedance control and inverse dynamics model},
  author={Franklin, David W and Osu, Rieko and Burdet, Etienne and Kawato, Mitsuo and Milner, Theodore E and others},
  journal={Journal of neurophysiology},
  volume={90},
  number={5},
  pages={3270--3282},
  year={2003},
  publisher={[Bethesda, MD, etc.] American Physiological Society [etc.]}
}

@article{kawato1999internal,
  title={Internal models for motor control and trajectory planning},
  author={Kawato, Mitsuo},
  journal={Current opinion in neurobiology},
  volume={9},
  number={6},
  pages={718--727},
  year={1999},
  publisher={Elsevier}
}

@article{stunkard1981accuracy,
  title={The accuracy of self-reported weights.},
  author={Stunkard, Albert J and Albaum, Janet M},
  journal={The American journal of clinical nutrition},
  volume={34},
  number={8},
  pages={1593--1599},
  year={1981},
  publisher={Am Soc Nutrition}
}

@article{fryar2012anthropometric,
  title={Anthropometric reference data for children and adults: United States, 2007--2010},
  author={Fryar, Cheryl D and Gu, Qiuping and Ogden, Cynthia L},
  journal={National Center for Health Statistics Vital and Health Statistics},
  volume={11},
  pages={1--40},
  year={2012}
}

@article{gomi1998task,
  title={Task-dependent viscoelasticity of human multijoint arm and its spatial characteristics for interaction with environments},
  author={Gomi, Hiroaki and Osu, Rieko},
  journal={The Journal of Neuroscience},
  volume={18},
  number={21},
  pages={8965--8978},
  year={1998},
  publisher={Soc Neuroscience}
}

@article{fortney2012computational,
  title={Computational advantages of reverberating loops for sensorimotor learning},
  author={Fortney, Kristen and Tweed, Douglas B},
  journal={Neural computation},
  volume={24},
  number={3},
  pages={611--634},
  year={2012},
  publisher={MIT Press}
}

@article{mistry2013optimal,
  title={Optimal control of reaching includes kinematic constraints},
  author={Mistry, Michael and Theodorou, Evangelos and Schaal, Stefan and Kawato, Mitsuo},
  journal={Journal of neurophysiology},
  volume={110},
  number={1},
  pages={1--11},
  year={2013},
  publisher={Am Physiological Soc}
}