@article{mcclelland1985motives,
  title={How motives, skills, and values determine what people do.},
  author={McClelland, David C},
  journal={American Psychologist},
  volume={40},
  number={7},
  pages={812},
  year={1985},
  publisher={American Psychological Association}
}

@article{rawolle2013relationships,
  title={Relationships between implicit motives, self-attributed motives, and personal goal commitments},
  author={Rawolle, Maika and Schultheiss, Maria and Schultheiss, Oliver C},
  journal={Frontiers in psychology},
  volume={4},
  year={2013},
  publisher={Frontiers Media SA}
}

@article{todorov2002optimal,
  title={Optimal feedback control as a theory of motor coordination},
  author={Todorov, Emanuel and Jordan, Michael I},
  journal={Nature neuroscience},
  volume={5},
  number={11},
  pages={1226--1235},
  year={2002},
  publisher={Nature Publishing Group}
}

@article{flash1985coordination,
  title={The coordination of arm movements: an experimentally confirmed mathematical model},
  author={Flash, Tamar and Hogan, Neville},
  journal={The journal of Neuroscience},
  volume={5},
  number={7},
  pages={1688--1703},
  year={1985},
  publisher={Soc Neuroscience}
}

@inproceedings{ziebart2010modeling,
  title={Modeling Interaction via the Principle of Maximum Causal Entropy},
  author={Ziebart, Brian D and Bagnell, JA and Dey, Anind K},
  booktitle={Proceedings of the 27th International Conference on Machine Learning (ICML-10)},
  pages={1255--1262},
  year={2010}
}

@inproceedings{strausser2011development,
  title={The development and testing of a human machine interface for a mobile medical exoskeleton},
  author={Strausser, Katherine A and Kazerooni, H},
  booktitle={Intelligent Robots and Systems (IROS), 2011 IEEE/RSJ International Conference on},
  pages={4911--4916},
  year={2011},
  organization={IEEE}
}

@article{young2012improving,
  title={Improving myoelectric pattern recognition robustness to electrode shift by changing interelectrode distance and electrode configuration},
  author={Young, Aaron J and Hargrove, Levi J and Kuiken, Todd A},
  journal={Biomedical Engineering, IEEE Transactions on},
  volume={59},
  number={3},
  pages={645--652},
  year={2012},
  publisher={IEEE}
}

@article{englehart2003robust,
  title={A robust, real-time control scheme for multifunction myoelectric control},
  author={Englehart, Kevin and Hudgins, Bernard},
  journal={Biomedical Engineering, IEEE Transactions on},
  volume={50},
  number={7},
  pages={848--854},
  year={2003},
  publisher={IEEE}
}

@article{hargrove2013robotic,
  title={Robotic leg control with EMG decoding in an amputee with nerve transfers},
  author={Hargrove, Levi J and Simon, Ann M and Young, Aaron J and Lipschutz, Robert D and Finucane, Suzanne B and Smith, Douglas G and Kuiken, Todd A},
  journal={New England Journal of Medicine},
  volume={369},
  number={13},
  pages={1237--1242},
  year={2013},
  publisher={Mass Medical Soc}
}

@article{gomi1997human,
  title={Human arm stiffness and equilibrium-point trajectory during multi-joint movement},
  author={Gomi, Hiroaki and Kawato, Mitsuo},
  journal={Biological cybernetics},
  volume={76},
  number={3},
  pages={163--171},
  year={1997},
  publisher={Springer}
}

@article{feldman1995origin,
  title={The origin and use of positional frames of reference in motor control},
  author={Feldman, Anatol G and Levin, Mindy F},
  journal={Behavioral and Brain Sciences},
  volume={18},
  number={04},
  pages={723--744},
  year={1995},
  publisher={Cambridge University Press}
}

@article{von1979observations,
  title={Observations on the development of reaching for moving objects},
  author={von Hofsten, Claes and Lindhagen, Karin},
  journal={Journal of experimental child psychology},
  volume={28},
  number={1},
  pages={158--173},
  year={1979},
  publisher={Academic Press}
}

@article{rohrer2004submovements,
  title={Submovements grow larger, fewer, and more blended during stroke recovery.},
  author={Rohrer, Brandon and Fasoli, Susan and Krebs, Hermano Igo and Volpe, Bruce and Frontera, Walter R and Stein, Joel and Hogan, Neville},
  journal={Motor control},
  volume={8},
  number={4},
  year={2004}
}

@article{woodworth1899accuracy,
  title={Accuracy of voluntary movement.},
  author={Woodworth, Robert Sessions},
  journal={The Psychological Review: Monograph Supplements},
  volume={3},
  number={3},
  pages={i},
  year={1899},
  publisher={The Macmillan Company}
}

@article{flash1991arm,
  title={Arm trajectory modifications during reaching towards visual targets},
  author={Flash, Tamar and Henis, Ealan},
  journal={Journal of cognitive Neuroscience},
  volume={3},
  number={3},
  pages={220--230},
  year={1991}
}

@article{novak2002use,
  title={The use of overlapping submovements in the control of rapid hand movements},
  author={Novak, KE and Miller, LE and Houk, JC},
  journal={Experimental Brain Research},
  volume={144},
  number={3},
  pages={351--364},
  year={2002},
  publisher={Springer-Verlag}
}

@article{shadmehr1994adaptive,
  title={Adaptive representation of dynamics during learning of a motor task},
  author={Shadmehr, Reza and Mussa-Ivaldi, Ferdinando A},
  journal={The Journal of Neuroscience},
  volume={14},
  number={5},
  pages={3208--3224},
  year={1994},
  publisher={Soc Neuroscience}
}